
@Book{RealTimeRendering, 
    author 		= "Tomas Akenine-M{\"o}ller and Eric Haines and Naty Hoffman.",
    title 		= "Real-Time Rendering",
    publisher	= "A K Peters, Ltd.", 
    year		= "2008",
	edition 	= "3rd"
}

@Book{FrankDLuna11, 
    author 		= "Luna, Frank D.",
    title 		= "Introduction To 3D Game Programming With DirectX 11",
    publisher	= "Mercury Learning \& Information", 
    year		= "2012",
}

@Book{FrankDLuna10, 
    author 		= "Luna, Frank D.",
    title 		= "Introduction To 3D Game Programming With DirectX 10",
    publisher	= "Wordware Publishing Inc.", 
    year		= "2008",
}

@Book{MassivelyParallelProcessors, 
    author 		= "Kirk, David B. and Hwu, Wen-mei W.",
    title 		= "Programming Massively Parallel Processors A Hands-on Approach",
    publisher	= "Morgan Kaufmann", 
    year		= "2010",
}

@incollection{GPUPro3RayTracer,
	author 		= "Arturo Garcia and Francisco Avila and Sergio Murguia and Leo Reyes",
	title 		= "Interactive Ray Tracing Using the Compute Shader in DirectX 11",
	booktitle 	= "GPU Pro 3 Advanced Rendering Techniques",
	publisher 	= "A K Peters",
	year 		= "2012",
	editor 		= "Wolgang, Engel",
	pages 		= "353-376",
}

@inproceedings{Friedrich:2006,
 author = {Friedrich, Heiko and G\"{u}nther, Johannes and Dietrich, Andreas and Scherbaum, Michael and Seidel, Hans-Peter and Slusallek, Philipp},
 title = {Exploring the use of ray tracing for future games},
 booktitle = {Proceedings of the 2006 ACM SIGGRAPH symposium on Videogames},
 series = {Sandbox '06},
 year = {2006},
 isbn = {1-59593-386-7},
 location = {Boston, Massachusetts},
 pages = {41--50},
 numpages = {10},
 url = {http://doi.acm.org/10.1145/1183316.1183323},
 doi = {10.1145/1183316.1183323},
 acmid = {1183323},
 publisher = {ACM},
 address = {New York, NY, USA},
 keywords = {dynamic scenes, games development, global illumination, graphics hardware, realtime ray tracing, simulation},
} 	

@inproceedings{Regan:1999,
 author = {Regan, Matthew J. P. and Miller, Gavin S. P. and Rubin, Steven M. and Kogelnik, Chris},
 title = {A real-time low-latency hardware light-field renderer},
 booktitle = {Proceedings of the 26th annual conference on Computer graphics and interactive techniques},
 series = {SIGGRAPH '99},
 year = {1999},
 isbn = {0-201-48560-5},
 pages = {287--290},
 numpages = {4},
 url = {http://dx.doi.org/10.1145/311535.311569},
 doi = {10.1145/311535.311569},
 acmid = {311569},
 publisher = {ACM Press/Addison-Wesley Publishing Co.},
 address = {New York, NY, USA},
}

@inproceedings{Claypool:2009,
 author = {Claypool, Mark and Claypool, Kajal},
 title = {Perspectives, frame rates and resolutions: it's all in the game},
 booktitle = {Proceedings of the 4th International Conference on Foundations of Digital Games},
 series = {FDG '09},
 year = {2009},
 isbn = {978-1-60558-437-9},
 location = {Orlando, Florida},
 pages = {42--49},
 numpages = {8},
 url = {http://doi.acm.org/10.1145/1536513.1536530},
 doi = {10.1145/1536513.1536530},
 acmid = {1536530},
 publisher = {ACM},
 address = {New York, NY, USA},
}